% this file will contain bibliographic entries for all the references used by the team members
