@misc{ fleming_2021, 
title={3.3: Reversible and Irreversible Pathways},
url={https://chem.libretexts.org/Bookshelves/Physical_and_Theoretical_Chemistry_Textbook_Maps/Book:_Physical_Chemistry_(Fleming)/03:_First_Law_of_Thermodynamics/3.03:_Reversible_and_Irreversible_Pathways},
journal={Chemistry LibreTexts},
publisher={Libretexts},
author={ Fleming, Patrick E},
year={2021},
month={Mar}}
@misc{libretexts_2020,
title={Gas Expansion},
url={https://chem.libretexts.org/Bookshelves/Physical_and_Theoretical_Chemistry_Textbook_Maps/Supplemental_Modules_(Physical_and_Theoretical_Chemistry)/Thermodynamics/Path_Functions/Work/Gas_Expansion},
journal={Chemistry LibreTexts},
publisher={Libretexts},
author={Libretexts},
year={2020},
month={Aug}}
@misc{askiitians,
title={Work Done During Isothermal Expansion},
url={https://www.askiitians.com/iit-jee-thermal-physics/work-done-during-isothermal-expansion.html},
journal={askiitians.com},
author={askIITians}}
