@Misc{Einstie,
author = {Albert Einstien},
title = {Special Relativity},
year = {1905},
url = {https://en.wikipedia.org/wiki/Mass%E2%80%93energy_equivalence#Description},
sourecc = {Wikipedia},
}
